@article{hicks2018deepmediaeval,
	title        = {Deep Learning Based Disease Detection Using Domain Specific Transfer Learning.},
	author       = {Hicks, Steven and Smedsrud, Pia H and Halvorsen, P{\aa}l and Riegler, Michael},
	year         = 2018,
	journal      = {MediaEval}
}
@inproceedings{hicks2018dissecting,
	title        = {Dissecting deep neural networks for better medical image classification and classification understanding},
	author       = {Hicks, Steven and Riegler, Michael and Pogorelov, Konstantin and Anonsen, Kim V and de Lange, Thomas and Johansen, Dag and Jeppsson, Mattis and Randel, Kristin Ranheim and Eskeland, Sigrun Losada and Halvorsen, P{\aa}l},
	year         = 2018,
	booktitle    = {2018 IEEE 31st International Symposium on Computer-Based Medical Systems (CBMS)},
}
@inproceedings{hicks2018comprehensible,
	title        = {Comprehensible reasoning and automated reporting of medical examinations based on deep learning analysis},
	author       = {Hicks, Steven and Pogorelov, Konstantin and de Lange, Thomas and Lux, Mathias and Jeppsson, Mattis and Randel, Kristin Ranheim and Eskeland, Sigrun and Halvorsen, P{\aa}l and Riegler, Michael},
	year         = 2018,
	booktitle    = {Proceedings of the 9th ACM Multimedia Systems Conference},
        keywords = {selected}
}
@inproceedings{hicks2018mimir,
	title        = {Mimir: an automatic reporting and reasoning system for deep learning based analysis in the medical domain},
	author       = {Hicks, Steven and Eskeland, Sigrun and Lux, Mathias and de Lange, Thomas and Randel, Kristin Ranheim and Jeppsson, Mattis and Pogorelov, Konstantin and Halvorsen, P{\aa}l and Riegler, Michael},
	year         = 2018,
	booktitle    = {Proceedings of the 9th ACM Multimedia Systems Conference},
        keywords = {selected}
}
@inproceedings{haugen2019visem,
	title        = {Visem: A multimodal video dataset of human spermatozoa},
	author       = {Haugen, Trine B and Hicks, Steven and Andersen, Jorunn M and Witczak, Oliwia and Hammer, Hugo L and Borgli, Rune and Halvorsen, P{\aa}l and Riegler, Michael},
	year         = 2019,
	booktitle    = {Proceedings of the 10th ACM Multimedia Systems Conference},
        keywords = {selected}
}
@article{hicks2019deep,
	title        = {Deep learning for automatic generation of endoscopy reports},
	author       = {Hicks, Steven and Smedsrud, Pia H and Riegler, Michael A and de Lange, Thomas and Petlund, Andreas and Eskeland, Sigrun L and Pogorelov, Konstantin and Schmidt, Peter T and Halvorsen, P{\aa}l},
	year         = 2019,
	journal      = {Gastrointestinal Endoscopy},
}
@inproceedings{kirkerod2019unsupervised,
	title        = {Unsupervised preprocessing to improve generalisation for medical image classification},
	author       = {Kirker{\o}d, Mathias and Borgli, Rune Johan and Thambawita, Vajira and Hicks, Steven and Riegler, Michael Alexander and Halvorsen, P{\aa}l},
	year         = 2019,
	booktitle    = {2019 13th International Symposium on Medical Information and Communication Technology (ISMICT)},
}
@inproceedings{pogorelov2018medico,
	title        = {Medico multimedia task at mediaeval 2018},
	author       = {Pogorelov, Konstantin and Riegler, Michael and Halvorsen, P{\aa}l and Hicks, Steven and Randel, Kristin Ranheim and Dang Nguyen, Duc Tien and Lux, Mathias and Ostroukhova, Olga and de Lange, Thomas},
	year         = 2018,
	booktitle    = {CEUR Workshop Proceedings},
}
@inproceedings{witczak2019artificial,
	title        = {Artificial intelligence predicts sperm motility from sperm fatty},
	author       = {Witczak, O and Andersen, JM and Hicks, S and Hammer, HL and Riegler, MA and Haugen, TB},
	year         = 2019,
	booktitle    = {Human Reproduction},
}
@inproceedings{riegler2019artificial,
	title        = {Artificial intelligence as a tool in predicting sperm motility and morphology},
	author       = {Riegler, M and Andersen, J and Marie and Hammer, H and Lewi and Hicks, S and Alexander and Oliwia, W and Haugen, T},
	year         = 2019,
	booktitle    = {Human Reproduction},
}
@inproceedings{hicks2020acm,
	title        = {ACM multimedia biomedia 2020 grand challenge overview},
	author       = {Hicks, Steven and Thambawita, Vajira and Hammer, Hugo L and Haugen, Trine B and Andersen, Jorunn M and Witczak, Oliwia and Halvorsen, P{\aa}l and Riegler, Michael A},
	year         = 2020,
	booktitle    = {Proceedings of the 28th ACM International Conference on Multimedia},
}
@article{hicks2019machine,
	title        = {Machine learning-based analysis of sperm videos and participant data for male fertility prediction},
	author       = {Hicks, Steven and Andersen, Jorunn M and Witczak, Oliwia and Thambawita, Vajira and Halvorsen, P{\aa}l and Hammer, Hugo L and Haugen, Trine B and Riegler, Michael A},
	year         = 2019,
	journal      = {Scientific reports},
        keywords = {selected}
}
@inproceedings{frogner2019one,
	title        = {One-dimensional convolutional neural networks on motor activity measurements in detection of depression},
	author       = {Frogner, Joakim Ihle and Noori, Farzan Majeed and Halvorsen, P{\aa}l and Hicks, Steven and Garcia-Ceja, Enrique and Torresen, Jim and Riegler, Michael Alexander},
	year         = 2019,
	booktitle    = {Proceedings of the 4th International Workshop on Multimedia for Personal Health \& Health Care},
}
@inproceedings{nordskog2019semantic,
	title        = {Semantic Analysis of Soccer News for Automatic Game Event Classification},
	author       = {Nordskog, Aanund Jupsk{\aa}s and Halvorsen, P{\aa}l and Hicks, Steven and Stensland, H{\aa}kon K and Hammer, Hugo L and Johansen, Dag and Riegler, Michael A},
	year         = 2019,
	booktitle    = {2019 International Conference on Content-Based Multimedia Indexing (CBMI)},
}
@article{borgli2020hyperkvasir,
	title        = {HyperKvasir, a comprehensive multi-class image and video dataset for gastrointestinal endoscopy},
	author       = {Borgli, Hanna and Thambawita, Vajira and Smedsrud, Pia H and Hicks, Steven and Jha, Debesh and Eskeland, Sigrun L and Randel, Kristin Ranheim and Pogorelov, Konstantin and Lux, Mathias and Nguyen, Duc Tien Dang and others},
	year         = 2020,
	journal      = {Scientific data},
        keywords = {selected}
}
@inproceedings{eriksen2019web,
	title        = {A Web-Based Software for Training and Quality Assessment in the Image Analysis Workflow for Cardiac T1 Mapping MRI},
	author       = {Eriksen, Edvarda and Hicks, Steven and Riegler, Michael Alexander and Halvorsen, P{\aa}l and Carapella, Valentina},
	year         = 2019,
	booktitle    = {2019 IEEE International Symposium on Multimedia (ISM)},
}
@inproceedings{thambawita2020pmdata,
	title        = {Pmdata: a sports logging dataset},
	author       = {Thambawita, Vajira and Hicks, Steven and Borgli, Hanna and Stensland, H{\aa}kon Kvale and Jha, Debesh and Svensen, Martin Kristoffer and Pettersen, Svein-Arne and Johansen, Dag and Johansen, H{\aa}vard Dagenborg and Pettersen, Susann Dahl and others},
	year         = 2020,
	booktitle    = {Proceedings of the 11th ACM Multimedia Systems Conference},
}
@inproceedings{jakobsen2020psykose,
	title        = {Psykose: A motor activity database of patients with schizophrenia},
	author       = {Jakobsen, Petter and Garcia-Ceja, Enrique and Stabell, Lena Antonsen and Oedegaard, Ketil Joachim and Berle, Jan Oystein and Thambawita, Vajira and Hicks, Steven and Halvorsen, P{\aa}l and Fasmer, Ole Bernt and Riegler, Michael Alexander},
	year         = 2020,
	booktitle    = {2020 IEEE 33rd International Symposium on Computer-Based Medical Systems (CBMS)},
}
@inproceedings{svoren2020toadstool,
	title        = {Toadstool: A dataset for training emotional intelligent machines playing Super Mario Bros},
	author       = {Svoren, Henrik and Thambawita, Vajira and Halvorsen, P{\aa}l and Jakobsen, Petter and Garcia-Ceja, Enrique and Noori, Farzan Majeed and Hammer, Hugo L and Lux, Mathias and Riegler, Michael Alexander and Hicks, Steven},
	year         = 2020,
	booktitle    = {Proceedings of the 11th ACM Multimedia Systems Conference},
}
@article{smedsrud2021kvasir,
	title        = {Kvasir-Capsule, a video capsule endoscopy dataset},
	author       = {Smedsrud, Pia H and Thambawita, Vajira and Hicks, Steven and Gjestang, Henrik and Nedrejord, Oda Olsen and N{\ae}ss, Espen and Borgli, Hanna and Jha, Debesh and Berstad, Tor Jan Derek and Eskeland, Sigrun L and others},
	year         = 2021,
	journal      = {Scientific Data},
        keywords = {selected}
}
@inproceedings{garcia2021htad,
	title        = {Htad: A home-tasks activities dataset with wrist-accelerometer and audio features},
	author       = {Garcia-Ceja, Enrique and Thambawita, Vajira and Hicks, Steven and Jha, Debesh and Jakobsen, Petter and Hammer, Hugo L and Halvorsen, P{\aa}l and Riegler, Michael A},
	year         = 2021,
	booktitle    = {MultiMedia Modeling: 27th International Conference, MMM 2021, Prague, Czech Republic, June 22--24, 2021, Proceedings, Part II 27},
}
@inproceedings{jha2021kvasir,
	title        = {Kvasir-instrument: Diagnostic and therapeutic tool segmentation dataset in gastrointestinal endoscopy},
	author       = {Jha, Debesh and Ali, Sharib and Emanuelsen, Krister and Hicks, Steven and Thambawita, Vajira and Garcia-Ceja, Enrique and Riegler, Michael A and de Lange, Thomas and Schmidt, Peter T and Johansen, H{\aa}vard D and others},
	year         = 2021,
	booktitle    = {MultiMedia Modeling: 27th International Conference, MMM 2021, Prague, Czech Republic, June 22--24, 2021, Proceedings, Part II 27},
}
@inproceedings{hicks2020big,
	title        = {Big data is not always better-prediction of live birth using machine learning on time-lapse videos of human embryos},
	author       = {Hicks, S and Haugen, B and Iliceto, M and Hammer, HL and Andersen, JM and Witczak, O and Riegler, MA and Stensen, MH},
	year         = 2020,
	booktitle    = {Human Reproduction},
}
@article{hassan2022visual,
	title        = {Visual sentiment analysis from disaster images in social media},
	author       = {Hassan, Syed Zohaib and Ahmad, Kashif and Hicks, Steven and Halvorsen, P{\aa}l and Al-Fuqaha, Ala and Conci, Nicola and Riegler, Michael},
	year         = 2022,
	journal      = {Sensors},
}
@inproceedings{hicks2019predicting,
	title        = {Predicting Sperm Motility and Morphology Using Deep Learning and Handcrafted Features.},
	author       = {Hicks, Steven and Halvorsen, P{\aa}l and Haugen, Trine B and Andersen, Jorunn M and Witczak, Oliwia and Pogorelov, Konstantin and Hammer, Hugo Lewi and Dang-Nguyen, Duc-Tien and Lux, Mathias and Riegler, Michael},
	year         = 2019,
	booktitle    = {MediaEval}
}
@inproceedings{rosenblad2019using,
	title        = {Using 2D and 3D Convolutional Neural Networks to Predict Semen Quality.},
	author       = {Rosenblad, Jon-Magnus and Hicks, Steven and Stensland, H{\aa}kon Kvale and Haugen, Trine B and Halvorsen, P{\aa}l and Riegler, Michael},
	year         = 2019,
	booktitle    = {MediaEval}
}
@inproceedings{hicks2019using,
	title        = {Using Deep Learning to Predict Motility and Morphology of Human Sperm.},
	author       = {Hicks, Steven and Haugen, Trine B and Halvorsen, P{\aa}l and Riegler, Michael},
	year         = 2019,
	booktitle    = {MediaEval}
}
@inproceedings{hicks2019medico,
	title        = {Medico Multimedia Task at MediaEval 2019.},
	author       = {Hicks, Steven and Halvorsen, P{\aa}l and Haugen, Trine B and Andersen, Jorunn M and Witczak, Oliwia and Pogorelov, Konstantin and Hammer, Hugo Lewi and Dang-Nguyen, Duc-Tien and Lux, Mathias and Riegler, Michael},
	year         = 2019,
	booktitle    = {MediaEval}
}
@inproceedings{hicks2019acm,
	title        = {ACM MM BioMedia 2019 Grand Challenge Overview},
	author       = {Hicks, Steven and Riegler, Michael and Smedsrud, Pia and Haugen, Trine B and Randel, Kristin Ranheim and Pogorelov, Konstantin and Stensland, H{\aa}kon Kvale and Dang-Nguyen, Duc-Tien and Lux, Mathias and Petlund, Andreas and others},
	year         = 2019,
	booktitle    = {Proceedings of the ACM International Conference on Multimedia (ACM MM’19). ACM}
}
@inproceedings{larson2020working,
	title        = {Working notes proceedings of the mediaeval 2019 workshop, sophia antipolis, france, 27-30 october 2019},
	author       = {Larson, Martha A and Hicks, Steven and Constantin, Mihai Gabriel and Bischke, Benjamin and Porter, Alastair and Zhao, Peijian and Lux, Mathias and Quiros, Laura Cabrera and Calandre, Jordan and Jones, Gareth},
	year         = 2020,
	booktitle    = {CEUR Workshop Proceedings},
}
@inproceedings{jha2020medico,
	title        = {Medico multimedia task at mediaeval 2020: Automatic polyp segmentation},
	author       = {Jha, Debesh and Hicks, Steven and Emanuelsen, Krister and Johansen, H{\aa}vard and Johansen, Dag and de Lange, Thomas and Riegler, Michael A and Halvorsen, P{\aa}l},
	year         = 2020,
	journal      = {CEUR Workshop Proceedings}
}
@inproceedings{rongved2020real,
	title        = {Real-time detection of events in soccer videos using 3D convolutional neural networks},
	author       = {Rongved, Olav A Norg{\aa}rd and Hicks, Steven and Thambawita, Vajira and Stensland, H{\aa}kon K and Zouganeli, Evi and Johansen, Dag and Riegler, Michael A and Halvorsen, P{\aa}l},
	year         = 2020,
	booktitle    = {2020 IEEE International Symposium on Multimedia (ISM)},
}
@inproceedings{nedrejord2020vid2pix,
	title        = {Vid2Pix-A Framework for Generating High-Quality Synthetic Videos},
	author       = {Nedrejord, Oda O and Thambawita, Vajira and Hicks, Steven and Halvorsen, P{\aa}l and Riegler, Michael A},
	year         = 2020,
	booktitle    = {2020 IEEE International Symposium on Multimedia (ISM)},
}
@article{hicks2021explaining,
	title        = {Explaining deep neural networks for knowledge discovery in electrocardiogram analysis},
	author       = {Hicks, Steven and Isaksen, Jonas L and Thambawita, Vajira and Ghouse, Jonas and Ahlberg, Gustav and Linneberg, Allan and Grarup, Niels and Str{\"u}mke, Inga and Ellervik, Christina and Olesen, Morten Salling and others},
	year         = 2021,
	journal      = {Scientific reports},
        keywords = {selected}
}
@inproceedings{hicks2021endotect,
	title        = {The EndoTect 2020 challenge: evaluation and comparison of classification, segmentation and inference time for endoscopy},
	author       = {Hicks, Steven and Jha, Debesh and Thambawita, Vajira and Halvorsen, P{\aa}l and Hammer, Hugo L and Riegler, Michael A},
	year         = 2021,
	booktitle    = {Pattern Recognition. ICPR International Workshops and Challenges: Virtual Event, January 10-15, 2021, Proceedings, Part VIII},
}
@article{jha2021comprehensive,
	title        = {A comprehensive analysis of classification methods in gastrointestinal endoscopy imaging},
	author       = {Jha, Debesh and Ali, Sharib and Hicks, Steven and Thambawita, Vajira and Borgli, Hanna and Smedsrud, Pia H and de Lange, Thomas and Pogorelov, Konstantin and Wang, Xiaowei and Harzig, Philipp and others},
	year         = 2021,
	journal      = {Medical image analysis},
}
@article{hicks2022evaluation,
	title        = {On evaluation metrics for medical applications of artificial intelligence},
	author       = {Hicks, Steven and Str{\"u}mke, Inga and Thambawita, Vajira and Hammou, Malek and Riegler, Michael A and Halvorsen, P{\aa}l and Parasa, Sravanthi},
	year         = 2022,
	journal      = {Scientific reports},
        keywords = {selected}
}


@article{thambawita2021impactgastro,
	title        = {Impact of Image Resolution on Convolutional Neural Networks Performance in Gastrointestinal Endoscopy},
	author       = {Thambawita, Vajira L and Hicks, Steven and Str{\"u}mke, Inga and Riegler, Michael A and Halvorsen, Pal and Parasa, Sravanthi},
	year         = 2021,
	journal      = {Gastroenterology},
}
@article{thambawita2021data,
	title        = {Data Augmentation Using Generative Adversarial Networks for Creating Realistic Artificial Colon Polyp Images: Validation Study by Endoscopists},
	author       = {Thambawita, Vajira L and Str{\"u}mke, Inga and Hicks, Steven and Riegler, Michael A and Halvorsen, P{\aa}l and Parasa, Sravanthi},
	year         = 2021,
	journal      = {Gastrointestinal Endoscopy},
}
@article{khadga2021few,
	title        = {Few-shot segmentation of medical images based on meta-learning with implicit gradients},
	author       = {Khadga, Rabindra and Jha, Debesh and Ali, Sharib and Hicks, Steven and Thambawita, Vajira and Riegler, Michael A and Halvorsen, P{\aa}l},
	year         = 2021,
	journal      = {Computers in Biology and Medicine}
}
@inproceedings{thambawita2021deepsynthbody,
	title        = {DeepSynthBody: the beginning of the end for data deficiency in medicine},
	author       = {Thambawita, Vajira and Hicks, Steven and Isaksen, Jonas and Stensen, Mette Haug and Haugen, Trine B and Kanters, J{\O}rgen and Parasa, Sravanthi and De Lange, Thomas and Johansen, H{\aa}vard D and Johansen, Dag and others},
	year         = 2021,
	booktitle    = {2021 International Conference on Applied Artificial Intelligence (ICAPAI)},
}
@article{thambawita2022singan,
	title        = {SinGAN-Seg: Synthetic training data generation for medical image segmentation},
	author       = {Thambawita, Vajira and Salehi, Pegah and Sheshkal, Sajad Amouei and Hicks, Steven and Hammer, Hugo L and Parasa, Sravanthi and Lange, Thomas de and Halvorsen, P{\aa}l and Riegler, Michael A},
	year         = 2022,
	journal      = {PloS one},
}
@inproceedings{thambawita2021divergentnets,
	title        = {Divergentnets: Medical image segmentation by network ensemble},
	author       = {Thambawita, Vajira and Hicks, Steven and Halvorsen, P{\aa}l and Riegler, Michael A},
	year         = 2021,
	journal      = {Proceedings of EndoCV 2021 CEUR Workshop}
}
@article{rongved2021using,
	title        = {Using 3D convolutional neural networks for real-time detection of soccer events},
	author       = {Rongved, Olav A Nerg{\aa}rd and Hicks, Steven and Thambawita, Vajira and Stensland, H{\aa}kon K and Zouganeli, Evi and Johansen, Dag and Midoglu, Cise and Riegler, Michael A and Halvorsen, P{\aa}l},
	year         = 2021,
	journal      = {International Journal of Semantic Computing},
}
@inproceedings{gjestang2021self,
	title        = {A self-learning teacher-student framework for gastrointestinal image classification},
	author       = {Gjestang, Henrik L and Hicks, Steven and Thambawita, Vajira and Halvorsen, P{\aa}l and Riegler, Michael A},
	year         = 2021,
	booktitle    = {2021 IEEE 34th International Symposium on Computer-Based Medical Systems (CBMS)},
}
@article{riegler2021artificial,
	title        = {Artificial intelligence in the fertility clinic: status, pitfalls and possibilities},
	author       = {Riegler, Michael Alexander and Stensen, Mette Haug and Witczak, Oliwia and Andersen, Jorunn Marie and Hicks, SA and Hammer, Hugo Lewi and Delbarre, Erwan and Halvorsen, P{\aa}l and Yazidi, Anis and Holst, Nicolai and others},
	year         = 2021,
	journal      = {Human Reproduction},
}
@article{Midoglu2024-kh,
	title        = {A large-scale multivariate soccer athlete health, performance, and position monitoring dataset},
	author       = {Midoglu, Cise and Kj{\ae}reng Winther, Andreas and Boeker, Matthias and Dahl Pettersen, Susann and Pedersen, Sigurd and Ragab, Nourhan and Kupka, Tomas and Hicks, Steven A and Bredsgaard Randers, Morten and Jain, Ramesh and Dagenborg, H{\aa}vard J and Pettersen, Svein Arne and Johansen, Dag and Riegler, Michael A and Halvorsen, P{\aa}l},
	journal      = {Scientific Data}
}
@article{AlOuta2023,
  title = {CELLULAR,  A Cell Autophagy Imaging Dataset},
  journal = {Scientific Data},
  author = {Al Outa,  Amani and Hicks,  Steven and Thambawita,  Vajira and Andresen,  Siri and Enserink,  Jorrit M. and Halvorsen,  Pål and Riegler,  Michael A. and Knævelsrud,  Helene},
  year = {2023},
}
@article{Ali2024,
  title = {Assessing generalisability of deep learning-based polyp detection and segmentation methods through a computer vision challenge},
  journal = {Scientific Reports},
  author = {Ali,  Sharib and Ghatwary,  Noha and Jha,  Debesh and Isik-Polat,  Ece and Polat,  Gorkem and Yang,  Chen and Li,  Wuyang and Galdran,  Adrian and Ballester,  Miguel-Ángel González and Thambawita,  Vajira and Hicks,  Steven and Poudel,  Sahadev and Lee,  Sang-Woong and Jin,  Ziyi and Gan,  Tianyuan and Yu,  ChengHui and Yan,  JiangPeng and Yeo,  Doyeob and Lee,  Hyunseok and Tomar,  Nikhil Kumar and Haithami,  Mahmood and Ahmed,  Amr and Riegler,  Michael A. and Daul,  Christian and Halvorsen,  Pål and Rittscher,  Jens and Salem,  Osama E. and Lamarque,  Dominique and Cannizzaro,  Renato and Realdon,  Stefano and de Lange,  Thomas and East,  James E.},
  year = {2024},
}
@article{Svennevik2024,
  title = {A dataset for predicting cloud cover over Europe},
  journal = {Scientific Data},
  author = {Svennevik,  Hanna and Hicks,  Steven A. and Riegler,  Michael A. and Storelvmo,  Trude and Hammer,  Hugo L.},
  year = {2024},
}
@article{haugen2021assessment,
	title        = {Assessment of sperm motility according to WHO classification using convolutional neural networks},
	author       = {Haugen, TB and Hicks, SA and Witczak, O and Andersen, JM and Bj{\"o}rndahl, L and Riegler, MA},
	year         = 2021,
	journal      = {Human Reproduction},
}
@inproceedings{baugerud2021multimodal,
	title        = {Multimodal virtual avatars for investigative interviews with children},
	author       = {Baugerud, Gunn Astrid and Johnson, Miriam S and Klingenberg R{\o}ed, Ragnhild and Lamb, Michael E and Powell, Martine and Thambawita, Vajira and Hicks, Steven and Salehi, Pegah and Hassan, Syed Zohaib and Halvorsen, P{\aa}l and others},
	year         = 2021,
	booktitle    = {Proceedings of the 2021 Workshop on Intelligent Cross-Data Analysis and Retrieval},
}
@inproceedings{naess2021pyramidal,
	title        = {Pyramidal segmentation of medical images using adversarial training},
	author       = {Naess, Espen and Thambawita, Vajira and Hicks, Steven and Riegler, Michael A and Halvorsen, Paal},
	year         = 2021,
	booktitle    = {Proceedings of the 2021 Workshop on Intelligent Cross-Data Analysis and Retrieval},
}
@article{hicks2021mediaeval,
	title        = {MediaEval 2020: Multimedia Benchmark Workshop 2020, Working Notes Proceedings of the MediaEval 2020 Workshop Online, 14-15 December 2020},
	author       = {Hicks, S and Jha, D and Pogorelov, K and Garcia Seco de Herrera, A and Bogdanov, D and Martin, P-E and Andreadis, S and Dao, M-S and Liu, Z and Vargas-Quiros, J and others},
	year         = 2021,
}
@inproceedings{hicks2021hyperaktiv,
	title        = {HYPERAKTIV: An Activity Dataset from Patients with Attention-Deficit/Hyperactivity Disorder (ADHD)},
	author       = {Hicks, Steven and Stautland, Andrea and Fasmer, Ole Bernt and F{\o}rland, Wenche and Hammer, Hugo Lewi and Halvorsen, P{\aa}l and Mjeldheim, Kristin and Oedegaard, Ketil Joachim and Osnes, Berge and Gi{\ae}ver Syrstad, Vigdis Elin and others},
	year         = 2021,
	booktitle    = {Proceedings of the 12th ACM Multimedia Systems Conference},
        keywords = {selected}
}
@inproceedings{korhonen2021reproducibility,
	title        = {Reproducibility companion paper: Blind natural video quality prediction via statistical temporal features and deep spatial features},
	author       = {Korhonen, Jari and Su, Yicheng and You, Junyong and Hicks, Steven and Midoglu, Cise},
	year         = 2021,
	booktitle    = {Proceedings of the 29th ACM International Conference on Multimedia},
}
@inproceedings{tao2021reproducibility,
	title        = {Reproducibility Companion Paper: Self-supervised Video Representation Learning Using Inter-intra Contrastive Framework},
	author       = {Tao, Li and Wang, Xueting and Yamasaki, Toshihiko and Chen, Jingjing and Hicks, Steven},
	year         = 2021,
	booktitle    = {Proceedings of the 29th ACM International Conference on Multimedia},
}
@article{hicks2021medai,
	title        = {Medai: Transparency in medical image segmentation},
	author       = {Hicks, Steven and Jha, Debesh and Thambawita, Vajira and Halvorsen, P{\aa}l and Singstad, Bj{\o}rn-Jostein and Gaur, Sachin and Pettersen, Klas and Goodwin, Morten and Parasa, Sravanthi and de Lange, Thomas and others},
	year         = 2021,
	journal      = {Nordic Machine Intelligence},
}
@incollection{strumke2021artificial,
	title        = {Artificial Intelligence in Medicine: Gastroenterology},
	author       = {Str{\"u}mke, Inga and Hicks, Steven and Thambawita, Vajira and Jha, Debesh and Parasa, Sravanthi and Riegler, Michael A and Halvorsen, P{\aa}l},
	year         = 2021,
	booktitle    = {Artificial Intelligence in Medicine},
}
@article{svennevik2021prediction,
	title        = {Prediction of cloud fractional cover using machine learning},
	author       = {Svennevik, Hanna and Riegler, Michael A and Hicks, Steven and Storelvmo, Trude and Hammer, Hugo L},
	year         = 2021,
	journal      = {Big Data and Cognitive Computing},
}
@article{thambawita2021deepfake,
	title        = {DeepFake electrocardiograms using generative adversarial networks are the beginning of the end for privacy issues in medicine},
	author       = {Thambawita, Vajira and Isaksen, Jonas L and Hicks, Steven and Ghouse, Jonas and Ahlberg, Gustav and Linneberg, Allan and Grarup, Niels and Ellervik, Christina and Olesen, Morten Salling and Hansen, Torben and others},
	year         = 2021,
	journal      = {Scientific reports},
}
@article{thambawita2021impact,
	title        = {Impact of image resolution on deep learning performance in endoscopy image classification: an experimental study using a large dataset of endoscopic images},
	author       = {Thambawita, Vajira and Str{\"u}mke, Inga and Hicks, Steven and Halvorsen, P{\aa}l and Parasa, Sravanthi and Riegler, Michael A},
	year         = 2021,
	journal      = {Diagnostics},
}
@article{kanters2021deep,
	title        = {Deep learning neural network can measure ECG intervals and amplitudes accurately},
	author       = {Kanters, J{\o}rgen K and Hicks, Steven and Isaksen, Jonas L and Grarup, Niels and Holstein-Rathlou, Niels-Henrik and Ghouse, Jonas and Ahlberg, Gustav and Olesen, Morten Salling and Linneberg, Allan and Ellervik, Christina and others},
	year         = 2021,
}
@article{valand2021ai,
	title        = {AI-Based Video Clipping of Soccer Events},
	author       = {Valand, Joakim Olav and Kadragic, Haris and Hicks, Steven and Thambawita, Vajira Lasantha and Midoglu, Cise and Kupka, Tomas and Johansen, Dag and Riegler, Michael Alexander and Halvorsen, P{\aa}l},
	year         = 2021,
	journal      = {Machine Learning and Knowledge Extraction},
}
@article{nergaard2021automated,
	title        = {Automated event detection and classification in soccer: The potential of using multiple modalities},
	author       = {Nerg{\aa}rd Rongved, Olav Andre and Stige, Markus and Hicks, Steven and Thambawita, Vajira Lasantha and Midoglu, Cise and Zouganeli, Evi and Johansen, Dag and Riegler, Michael Alexander and Halvorsen, P{\aa}l},
	year         = 2021,
	journal      = {Machine Learning and Knowledge Extraction},
}
@article{ahmed2021predicting,
	title        = {Predicting High Delays in Mobile Broadband Networks},
	author       = {Ahmed, Azza H and Hicks, Steven and Riegler, Michael Alexander and Elmokashfi, Ahmed},
	year         = 2021,
	journal      = {IEEE Access},
}
@inproceedings{valand2021automated,
	title        = {Automated clipping of soccer events using machine learning},
	author       = {Valand, Joakim O and Kadragic, Haris and Hicks, Steven and Thambawita, Vajira and Midoglu, Cise and Kupka, Tomas and Johansen, Dag and Riegler, Michael A and Halvorsen, P{\aa}l},
	year         = 2021,
	booktitle    = {2021 IEEE International Symposium on Multimedia (ISM)},
}
@article{khadka2022meta,
	title        = {Meta-learning with implicit gradients in a few-shot setting for medical image segmentation},
	author       = {Khadka, Rabindra and Jha, Debesh and Hicks, Steven and Thambawita, Vajira and Riegler, Michael A and Ali, Sharib and Halvorsen, P{\aa}l},
	year         = 2022,
	journal      = {Computers in Biology and Medicine},
}
@article{larson2020mediaeval,
	title        = {MediaEval 2019: Multimedia Benchmark Workshop Working Notes Proceedings of the MediaEval 2019 Workshop Sophia Antipolis, France, 27-30 October 2019},
	author       = {Larson, MA and Hicks, SA and Constantin, MG and Bischke, B and Porter, A and Zhao, P and Lux, M and Quiros, LC and Calandre, J and Jones, G},
	year         = 2020,
}
@inproceedings{jony2020flood,
	title        = {Flood detection in twitter using a novel learning method for neural networks},
	author       = {Jony, Rabiul Islam and Woodley, Alan},
	year         = 2020,
	booktitle    = {Working Notes Proceedings of the MediaEval 2020 Workshop},
}
@article{hicks2022visual,
	title        = {Visual explanations for polyp detection: How medical doctors assess intrinsic versus extrinsic explanations},
	author       = {Hicks, Steven and Stor{\aa}s, Andrea and Riegler, Michael and Midoglu, Cise and Hammou, Malek and de Lange, Thomas and Parasa, Sravanthi and Halvorsen, P{\aa}l and Str{\"u}mke, Inga},
	year         = 2024,
	journal      = {PLOS One},
        keywords = {selected}
}
@article{salehi2022synthesizing,
	title        = {Synthesizing a talking child avatar to train interviewers working with maltreated children},
	author       = {Salehi, Pegah and Hassan, Syed Zohaib and Lammerse, Myrthe and Sabet, Saeed Shafiee and Riiser, Ingvild and R{\o}ed, Ragnhild Klingenberg and Johnson, Miriam S and Thambawita, Vajira and Hicks, Steven and Powell, Martine and others},
	year         = 2022,
	journal      = {Big Data and Cognitive Computing},
}
@incollection{thambawita2022chapter,
	title        = {Chapter 4 Smittestopp analytics: Analysis of position data},
	author       = {Thambawita, Vajira and Hicks, Steven and Jaouen, Ewan and Halvorsen, P{\aa}l and Riegler, Michael A},
	year         = 2022,
	booktitle    = {Smittestopp- A Case Study on Digital Contact Tracing},
}
@article{thambawita2022p,
	title        = {P-108 Real-time deep learning based multi object tracking of spermatozoa in fresh samples},
	author       = {Thambawita, V and Hicks, SA and Stor{\aa}s, A and Witczak, O and Andersen, JM and Hammer, HL and Halvorsen, P and Riegler, MA and Haugen, TB},
	year         = 2022,
	journal      = {Human Reproduction},
}
@article{hicks2022p,
	title        = {Automatic Tracking of the ICSI procedure using Deep Learning},
	author       = {Hicks, S and Thambawita, V and Stor{\aa}s, A and Haugen, TB and Hammer, HL and Halvorsen, P and Riegler, M and Stensen, MH},
	year         = 2022,
	journal      = {Human Reproduction},
}
@inproceedings{nordmo2022njord,
	title        = {Njord: a fishing trawler dataset},
	author       = {Nordmo, Tor-Arne Schmidt and Ovesen, Aril Bernhard and Juliussen, Bj{\o}rn Aslak and Hicks, Steven and Thambawita, Vajira and Johansen, H{\aa}vard Dagenborg and Halvorsen, P{\aa}l and Riegler, Michael Alexander and Johansen, Dag},
	year         = 2022,
	booktitle    = {Proceedings of the 13th ACM Multimedia Systems Conference},
}
@inproceedings{husa2022automatic,
	title        = {Automatic thumbnail selection for soccer videos using machine learning},
	author       = {Husa, Andreas and Midoglu, Cise and Hammou, Malek and Hicks, Steven and Johansen, Dag and Kupka, Tomas and Riegler, Michael A and Halvorsen, P{\aa}l},
	year         = 2022,
	booktitle    = {Proceedings of the 13th ACM Multimedia Systems Conference},
}
@inproceedings{hammou2022huldra,
	title        = {Huldra: A framework for collecting crowdsourced feedback on multimedia assets},
	author       = {Hammou, Malek and Midoglu, Cise and Hicks, Steven and Stor{\aa}s, Andrea and Sabet, Saeed Shafiee and Str{\"u}mke, Inga and Riegler, Michael A and Halvorsen, P{\aa}l},
	year         = 2022,
	booktitle    = {Proceedings of the 13th ACM Multimedia Systems Conference},
}
@misc{lux2021emotional,
	title        = {Emotional Mario Task at MediaEval 2021},
	author       = {Lux, Mathias and Riegler, Michael and Svoren, Henrik and Hicks, S and Dang-Nguyen, Duc-Tien and Jorgensen, Kristine and Thambawita, Vajira and Halvorsen, P},
	year         = 2021,
}
@inproceedings{hicks2021medico,
	title        = {Medico multimedia task at mediaeval 2021: Transparency in medical image segmentation},
	author       = {Hicks, Steven and Jha, Debesh and Thambawita, Vajira and Hammer, Hugo and de Lange, Thomas and Parasa, Sravanthi and Riegler, Michael and Halvorsen, P{\aa}l},
	year         = 2021,
	booktitle    = {Proceedings of MediaEval 2021 CEUR Workshop}
}
@inproceedings{ahmed2022rcad,
	title        = {RCAD: Real-time Collaborative Anomaly Detection System for Mobile Broadband Networks},
	author       = {Ahmed, Azza H and Riegler, Michael A and Hicks, Steven and Elmokashfi, Ahmed},
	year         = 2022,
	booktitle    = {Proceedings of the 28th ACM SIGKDD Conference on Knowledge Discovery and Data Mining},
}
@inproceedings{jacobsen2022estimating,
	title        = {Estimating Predictive Uncertainty in Gastrointestinal Polyp Segmentation},
	author       = {Jacobsen, Felicia Ly and Hicks, Steven and Halvorsen, P{\aa}l and Riegler, Michael A},
	year         = 2022,
	booktitle    = {2022 IEEE 35th International Symposium on Computer-Based Medical Systems (CBMS)},
}
@article{rongved2021cise,
	title        = {Cise Midoglu, Evi Zouganeli, Dag Johansen, Michael Alexander Riegler, and P{\aa}l Halvorsen. 2021. Automated Event Detection and Classification in Soccer: The Potential of Using Multiple Modalities},
	author       = {Rongved, Olav Andre Nerg{\aa}rd and Stige, Markus and Hicks, Steven and Thambawita, Vajira Lasantha},
	year         = 2021,
	journal      = {Machine Learning and Knowledge Extraction},
}
@inproceedings{thambawita2022real,
	title        = {Real-time deep learning based multi object tracking of spermatozoa in fresh samples},
	author       = {Thambawita, V and Hicks, SA and Storas, A and Witczak, O and Andersen, JM and Hammer, HL and Halvorsen, P and Riegler, MA and Haugen, TB},
	year         = 2022,
	booktitle    = {Human Reproduction},
}
@inproceedings{hicks2022automatic,
	title        = {Automatic Tracking of the ICSI procedure using Deep Learning},
	author       = {Hicks, S and Thambawita, V and Storas, A and Haugen, TB and Hammer, HL and Halvorsen, P and Riegler, M and Stensen, MH},
	year         = 2022,
	booktitle    = {Human Reproduction},
}
@incollection{thambawita2022mlc,
	title        = {MLC at HECKTOR 2022: The Effect and Importance of Training Data When Analyzing Cases of Head and Neck Tumors Using Machine Learning},
	author       = {Thambawita, Vajira and Stor{\aa}s, Andrea M and Hicks, Steven and Halvorsen, P{\aa}l and Riegler, Michael A},
	year         = 2022,
	booktitle    = {3D Head and Neck Tumor Segmentation in PET/CT Challenge},
}
@inproceedings{mohamed2021predicting,
	title        = {Predicting High Delays in Mobile Broadband Networks},
	author       = {Mohamed Ahmed, Azza Hassan and Hicks, Steven and Riegler, Michael and Elmokashfi, Ahmed Mustafa Abdalla},
	year         = 2021,
}
@article{thambawita2023visem,
	title        = {VISEM-Tracking, a human spermatozoa tracking dataset},
	author       = {Thambawita, Vajira and Hicks, Steven and Stor{\aa}s, Andrea M and Nguyen, Thu and Andersen, Jorunn M and Witczak, Oliwia and Haugen, Trine B and Hammer, Hugo L and Halvorsen, P{\aa}l and Riegler, Michael A},
	year         = 2023,
	journal      = {Scientific Data},
}
@article{isaksen2022poster,
	title        = {Baseline filtering alleviates generalization issues for neural networks for electrocardiogram analysis},
	author       = {Isaksen, Jonas L and Hicks, Steven and Thambawita, Vajira and M{\ae}land, Steffen and Graff, Claus and Ghouse, Jonas and Ahlberg, Gustav and Olesen, Morten Salling and Ellervik, Christina and von Holstein-Rathlou, Niels-Henrik and others},
	year         = 2022,
	journal      = {Journal of Electrocardiology},
}
@article{nordmo2022fish,
	title        = {Fish AI: Sustainable Commercial Fishing},
	author       = {Nordmo, Tor-Arne Schmidt and Kvalsvik, Ove and Kvalsund, Svein Ove and Hansen, Birte and Halvorsen, P{\aa}l and Hicks, Steven and Johansen, Dag and Johansen, H{\aa}vard D and Riegler, Michael Alexander},
	year         = 2022,
	journal      = {Nordic Machine Intelligence (NMI)},
}
@article{haugen2023sperm,
	title        = {Sperm motility assessed by deep convolutional neural networks into WHO categories},
	author       = {Haugen, Trine B and Witczak, Oliwia and Hicks, Steven and Bj{\"o}rndahl, Lars and Andersen, Jorunn M and Riegler, Michael A},
	year         = 2023,
	journal      = {Scientific Reports},
}
@inproceedings{thambawita2022medico,
	title        = {Medico Multimedia Task at MediaEval 2022: Transparent Tracking of Spermatozoa},
	author       = {Thambawita, Vajira and Hicks, Steven and Stor{\aa}s, Andrea M and Andersen, Jorunn M and Witczak, Oliwia and Haugen, Trine B and Hammer, Hugo and Nguyen, Thu and Halvorsen, P{\aa}l and Riegler, Michael A},
	year         = 2022,
	booktitle    = {Proceedings of MediaEval 2022 CEUR Workshop}
}
@article{pires2022short,
	title        = {Short-Term Functional and Morphological Changes in Primary Cultures of Trigeminal Ganglion Cells},
	author       = {Pires Ver{\'\i}ssimo, Carla and Filha, Lionete Gall Acosta and da Silva, F{\'a}bio Jorge Moreira and Westgarth, Harrison and Aguia, Juliana De Mattos Coelho and Pontes, Bruno and Moura-Neto, Vivaldo and Gazerani, Parisa and DosSantos, Marcos Fabio},
	year         = 2022,
}
@inproceedings{midoglu2022experiences,
	title        = {Experiences and Lessons Learned from a Crowdsourced-Remote Hybrid User Survey Framework},
	author       = {Midoglu, Cise and Stor{\aa}s, Andrea and Sabet, Saeed Shafiee and Hammou, Malek and Hicks, Steven and Str{\"u}mke, Inga and Riegler, Michael Alexander and Griwodz, Carsten and Halvorsen, P{\aa}l},
	year         = 2022,
	booktitle    = {2022 IEEE International Symposium on Multimedia (ISM)},
}
@inproceedings{storaas2022automatic,
	title        = {Automatic Unsupervised Clustering of Videos of the Intracytoplasmic Sperm Injection (ICSI) Procedure},
	author       = {Stor{\aa}s, Andrea M and Riegler, Michael A and Haugen, Trine B and Thambawita, Vajira and Hicks, Steven and Hammer, Hugo L and Kakulavarapu, Radhika and Halvorsen, P{\aa}l and Stensen, Mette H},
	year         = 2022,
	booktitle    = {Symposium of the Norwegian AI Society},
}
@inproceedings{riegler2023scopesense,
	title        = {ScopeSense: An 8.5-month sport, nutrition, and lifestyle lifelogging dataset},
	author       = {Riegler, Michael A and Thambawita, Vajira and Chatterjee, Ayan and Nguyen, Thu and Hicks, Steven and Telle-Hansen, Vibeke and Pettersen, Svein Arne and Johansen, Dag and Jain, Ramesh and Halvorsen, P{\aa}l},
	year         = 2023,
	booktitle    = {International Conference on Multimedia Modeling},
}
@article{midoglu2023experiences,
	title        = {Experiences and Lessons Learned from a Crowdsourced-Remote Hybrid User Survey Framework for Multimedia Evaluation},
	author       = {Midoglu, Cise and Hammou, Malek and Sharifi, Arian and Xing, Lu and Hasan, Mainul and Storas, Andrea and Sabet, Saeed Shafiee and Hicks, Steven and Strumke, Inga and Riegler, Michael Alexander and others},
	year         = 2023,
	journal      = {Encyclopedia with Semantic Computing and Robotic Intelligence},
}
@inproceedings{ionescu2023imageclef,
	title        = {ImageCLEF 2023 Highlight: Multimedia Retrieval in Medical, Social Media and Content Recommendation Applications},
	author       = {Ionescu, Bogdan and M{\"u}ller, Henning and Dr{\u{a}}gulinescu, Ana Maria and Popescu, Adrian and Idrissi-Yaghir, Ahmad and Garc{\'\i}a Seco de Herrera, Alba and Andrei, Alexandra and Stan, Alexandru and Stor{\aa}s, Andrea M and Abacha, Asma Ben and others},
	year         = 2023,
	booktitle    = {European Conference on Information Retrieval},
}
@inproceedings{nguyen2023multimedia,
	title        = {Multimedia Datasets: Challenges and Future Possibilities},
	author       = {Nguyen, Thu and Stor{\aa}s, Andrea M and Thambawita, Vajira and Hicks, Steven and Halvorsen, P{\aa}l and Riegler, Michael A},
	year         = 2023,
	booktitle    = {International Conference on Multimedia Modeling},
}
@inproceedings{do2023blockwise,
	title        = {Blockwise Principal Component Analysis for monotone missing data imputation and dimensionality reduction},
	author       = {Do, Tu T and Vu, Mai Anh and Ly, Hoang Thien and Nguyen, Thu and Hicks, Steven and Riegler, Michael A and Halvorsen, P{\aa}l and Nguyen, Binh T},
	year         = 2024,
	journal      = {International Joint Conference on Neural Networks (IJCNN)}
}
@article{garcia2020htad,
	title        = {HTAD: A Home-Tasks Activities Dataset with Wrist-accelerometer and Audio Features},
	author       = {Garcia-Ceja, Enrique and Thambawita, Vajira and Hicks, Steven and Jha, Debesh and Jakobsen, Petter and Hammer, Hugo L and Halvorsen, P{\aa}l and Riegler, Michael},
	year         = 2020,
}
@article{storaas2023usefulness,
	title        = {Usefulness of Heat Map Explanations for Deep-Learning-Based Electrocardiogram Analysis},
	author       = {Stor{\aa}s, Andrea M and Andersen, Ole Emil and Lockhart, Sam and Thielemann, Roman and Gnesin, Filip and Thambawita, Vajira and Hicks, Steven and Kanters, J{\o}rgen K and Str{\"u}mke, Inga and Halvorsen, P{\aa}l and others},
	year         = 2023,
	journal      = {Diagnostics},
}
@inproceedings{jha2023gastrovision,
  title={GastroVision: A Multi-class Endoscopy Image Dataset for Computer Aided Gastrointestinal Disease Detection},
  author={Jha, Debesh and Sharma, Vanshali and Dasu, Neethi and Tomar, Nikhil Kumar and Hicks, Steven and Bhuyan, M. K. and Das, Pradip K. and Riegler, Michael A. and Halvorsen, P{\aa}l and de Lange, Thomas and Bagci, Ulas},
  booktitle={Proceedings of the ICML Workshop on Machine Learning for Multimodal Healthcare Data},
  year={2023}
}
@inproceedings{pishva2023repolyp,
	title        = {RePolyp: A Framework for Generating Realistic Colon Polyps with Corresponding Segmentation Masks using Diffusion Models},
	author       = {Pishva, Alexander K and Thambawita, Vajira and Torresen, Jim and Hicks, Steven},
	year         = 2023,
	booktitle    = {2023 IEEE 36th International Symposium on Computer-Based Medical Systems (CBMS)},
}
@inproceedings{hicks2023overview,
	title        = {Overview of imageclefmedical 2023-medical visual question answering for gastrointestinal tract},
	author       = {Hicks, SA and Stor{\aa}s, Andrea and Halvorsen, P{\aa}l and de Lange, Thomas and Riegler, MA and Thambawita, Vajira},
	year         = 2023,
	booktitle    = {CLEF2023 Working Notes, CEUR Workshop Proceedings, CEUR-WS. org, Thessaloniki, Greece}
}
@inproceedings{ionescu2023overview,
	title        = {Overview of ImageCLEF 2023: Multimedia retrieval in medical, socialmedia and recommender systems applications},
	author       = {Ionescu, Bogdan and M{\"u}ller, Henning and Dr{\u{a}}gulinescu, A and Yim, Wen-wai and Abacha, A Ben and Snider, Neal and Adams, Griffin and Yetisgen, Meliha and R{\"u}ckert, Johannes and de Herrera, A Garc{\'\i}a Seco and others},
	year         = 2023,
	booktitle    = {Experimental IR Meets Multilinguality, Multimodality, and Interaction, Proceedings of the 14th International Conference of the CLEF Association (CLEF 2023), Springer Lecture Notes in Computer Science LNCS, Thessaloniki, Greece}
}
